@book{papert,
    title = {Mindstorms: Children, Computers, and Powerful Ideas},
    author = {Seymour Papert},
    isbn = {0-465-04627-4},
    year = {1980},
    publisher = {Basic Books},
}

@online{nielsen,
    author = "Michael A. Nielsen",
    title = "Augmenting Long-term Memory",
    url  = "http://augmentingcognition.com/ltm.html",
    year = {2018}
}

@online{matuschak,
    author = "Andy Matuschak, Michael Nielsen",
    title = "How can we develop transformative tools for thought?",
    url  = "https://numinous.productions/ttft",
    year = {2019}
}
